<record xmlns="http://www.loc.gov/MARC21/slim" xmlns:xsi="http://www.w3.org/2001/XMLSchema-instance" xsi:schemaLocation="http://www.loc.gov/MARC21/slim http://www.loc.gov/standards/marcxml/schema/MARC21slim.xsd"><leader>     nam a22        4500</leader><controlfield tag="001">3076738</controlfield><controlfield tag="003">NNC</controlfield><controlfield tag="006">m        d        </controlfield><controlfield tag="007">cr cn |||m|||a</controlfield><controlfield tag="008">150313s1932    iq      o     000 0barard</controlfield><datafield ind1=" " ind2=" " tag="040"><subfield code="a">NNU</subfield><subfield code="b">eng</subfield><subfield code="e">rda</subfield><subfield code="c">NNU</subfield></datafield><datafield ind1=" " ind2="4" tag="050"><subfield code="a">BP80.A275</subfield><subfield code="b">M88x 1932</subfield></datafield><datafield ind1="1" ind2=" " tag="100"><subfield code="6">880-01</subfield><subfield code="a">Ibn Ma&#699;add, Fakha&#772;r,</subfield><subfield code="d">-1232 or 1233.</subfield></datafield><datafield ind1="1" ind2="0" tag="240"><subfield code="6">880-02</subfield><subfield code="a">Ima&#772;n Abi&#772; T&#803;a&#772;lib</subfield></datafield><datafield ind1="1" ind2="0" tag="245"><subfield code="6">880-03</subfield><subfield code="a">Kita&#772;b al-h&#803;ujjah &#699;ala&#769; al-dha&#772;hib ila&#769; takfi&#772;r Abi&#772; T&#803;a&#772;lib /</subfield><subfield code="c">ta&#700;li&#772;f Shams al-Di&#772;n Abi&#772; &#699;Ali&#772; Fakha&#772;r ibn Ma&#699;add al-Mu&#772;sawi&#772; ; s&#803;ah&#803;h&#803;ah&#803;ahu wa-&#699;allaqa &#699;alayhi al-T&#803;aba&#772;t&#803;aba&#772;&#700;i&#772; al-H&#803;asani&#772;.</subfield></datafield><datafield ind1="3" ind2=" " tag="246"><subfield code="a">Ima&#772;n Abi&#772; T&#803;a&#772;lib</subfield></datafield><datafield ind1="3" ind2=" " tag="246"><subfield code="a">H&#803;ujjah &#699;ala&#769; al-dha&#772;hib ila&#769; takfi&#772;r Abi&#772; T&#803;a&#772;lib</subfield></datafield><datafield ind1=" " ind2=" " tag="260"><subfield code="6">880-04</subfield><subfield code="a">al-Najaf al-Ashraf :</subfield><subfield code="b">al-Mat&#803;ba&#699;ah al-&#699;Alawi&#772;yah,</subfield><subfield code="c">1351 [1932 or 1933]</subfield></datafield><datafield ind1=" " ind2=" " tag="300"><subfield code="a">online resource (4, 136 pages)</subfield></datafield><datafield ind1=" " ind2=" " tag="336"><subfield code="a">text</subfield><subfield code="2">rdacontent</subfield></datafield><datafield ind1=" " ind2=" " tag="337"><subfield code="a">computer</subfield><subfield code="2">rdamedia</subfield></datafield><datafield ind1=" " ind2=" " tag="338"><subfield code="a">online resource</subfield><subfield code="2">rdacarrier</subfield></datafield><datafield ind1=" " ind2=" " tag="500"><subfield code="a">Part of the Arabic Collections Online (ACO) project, contributed by Columbia University Libraries.</subfield></datafield><datafield ind1=" " ind2=" " tag="533"><subfield code="a">Electronic reproduction.</subfield><subfield code="b">New York, N.Y. :</subfield><subfield code="c">New York University,</subfield><subfield code="d">2015.</subfield><subfield code="5">NNU</subfield></datafield><datafield ind1="0" ind2="0" tag="600"><subfield code="6">880-05</subfield><subfield code="a">Abu&#772; T&#803;a&#772;lib &#699;Abd Mana&#772;f ibn &#699;Abd al-Mut&#803;t&#803;alib,</subfield><subfield code="d">approximately 540-approximately 619.</subfield></datafield><datafield ind1="0" ind2="7" tag="600"><subfield code="a">Abu&#772; T&#803;a&#772;lib &#699;Abd Mana&#772;f ibn &#699;Abd al-Mut&#803;t&#803;alib,</subfield><subfield code="d">approximately 540-approximately 619</subfield><subfield code="2">fast</subfield><subfield code="0">(OCoLC)fst01803259</subfield></datafield><datafield ind1="1" ind2=" " tag="700"><subfield code="a">H&#803;asani&#772;, T&#803;aba&#772;t&#803;aba&#772;&#700;i&#772;.</subfield></datafield><datafield ind1="2" ind2=" " tag="710"><subfield code="a">Columbia University.</subfield><subfield code="b">Libraries.</subfield></datafield><datafield ind1="0" ind2=" " tag="730"><subfield code="a">Arabic Collections Online.</subfield></datafield><datafield ind1="0" ind2="8" tag="776"><subfield code="i">Print version:</subfield><subfield code="a">Ibn Ma&#699;add, Fakha&#772;r, -1232 or 1233.</subfield><subfield code="t">Kita&#772;b al-h&#803;ujjah &#699;ala&#769; al-dha&#772;hib ila&#769; takfi&#772;r Abi&#772; T&#803;a&#772;lib</subfield><subfield code="w">(NNC)3076738</subfield><subfield code="w">(OCoLC)23743650</subfield></datafield><datafield ind1="4" ind2="0" tag="856"><subfield code="u">http://hdl.handle.net/2333.1/kh1895fj</subfield></datafield><datafield ind1="1" ind2=" " tag="880"><subfield code="6">100-01/r</subfield><subfield code="a">&#1575;&#1576;&#1606; &#1605;&#1593;&#1583;&#1548; &#1601;&#1582;&#1575;&#1585;.</subfield></datafield><datafield ind1="1" ind2="0" tag="880"><subfield code="6">240-02/r</subfield><subfield code="a">&#1581;&#1580;&#1577; &#1593;&#1604;&#1609; &#1575;&#1604;&#1584;&#1575;&#1607;&#1576; &#1573;&#1604;&#1609; &#1578;&#1705;&#1601;&#1610;&#1585; &#1571;&#1576;&#1610; &#1591;&#1575;&#1604;&#1576;</subfield></datafield><datafield ind1="1" ind2="0" tag="880"><subfield code="6">245-03/r</subfield><subfield code="a">&#1705;&#1578;&#1575;&#1576; &#1581;&#1580;&#1577; &#1593;&#1604;&#1609; &#1575;&#1604;&#1584;&#1575;&#1607;&#1576; &#1573;&#1604;&#1609; &#1578;&#1705;&#1601;&#1610;&#1585; &#1571;&#1576;&#1610; &#1591;&#1575;&#1604;&#1576;. /</subfield><subfield code="c">&#1578;&#1571;&#1604;&#1610;&#1601; &#1588;&#1605;&#1587; &#1575;&#1604;&#1583;&#1610;&#1606; &#1571;&#1576;&#1610; &#1593;&#1604;&#1610; &#1601;&#1582;&#1575;&#1585; &#1576;&#1606; &#1605;&#1593;&#1583; &#1575;&#1604;&#1605;&#1608;&#1587;&#1608;&#1610; &#1563; &#1589;&#1581;&#1581;&#1607; &#1608;&#1593;&#1604;&#1602; &#1593;&#1604;&#1610;&#1607; &#1575;&#1604;&#1591;&#1576;&#1575;&#1591;&#1576;&#1575;&#1574;&#1610; &#1575;&#1604;&#1581;&#1587;&#1606;&#1610;.</subfield></datafield><datafield ind1=" " ind2=" " tag="880"><subfield code="6">260-04/r</subfield><subfield code="a">&#1575;&#1604;&#1606;&#1580;&#1601; &#1575;&#1604;&#1571;&#1588;&#1585;&#1601; :</subfield><subfield code="b">&#1575;&#1604;&#1605;&#1591;&#1576;&#1593;&#1577; &#1575;&#1604;&#1593;&#1604;&#1608;&#1610;&#1577;&#1548;</subfield><subfield code="c">&#1633;&#1635;&#1637;&#1633;.</subfield></datafield><datafield ind1="0" ind2="4" tag="880"><subfield code="6">600-05/r</subfield><subfield code="a">&#1571;&#1576;&#1608; &#1591;&#1575;&#1604;&#1576; &#1593;&#1576;&#1583; &#1605;&#1606;&#1575;&#1601; &#1576;&#1606; &#1593;&#1576;&#1583; &#1575;&#1604;&#1605;&#1591;&#1604;&#1576;.</subfield></datafield><datafield ind1="1" ind2=" " tag="880"><subfield code="6">700-00/r</subfield><subfield code="a">&#1576;&#1581;&#1585; &#1575;&#1604;&#1593;&#1604;&#1608;&#1605;&#1548; &#1605;&#1581;&#1605;&#1583; &#1589;&#1575;&#1583;&#1602;.</subfield></datafield><datafield ind1=" " ind2=" " tag="959"><subfield code="a">NNU</subfield><subfield code="b">WEB</subfield><subfield code="c">GENI</subfield><subfield code="t">0</subfield><subfield code="m">Electronic access</subfield><subfield code="s">01</subfield></datafield><datafield ind1=" " ind2=" " tag="999"><subfield code="i">NNC_3076738</subfield><subfield code="o">(OCoLC)ocm23743650 </subfield><subfield code="s">columbia_aco000506</subfield><subfield code="e">(ERROR-880)</subfield></datafield></record>